@article{barth1967calculation,
  title={Calculation of the eigenvalues of a symmetric tridiagonal matrix by the method of bisection},
  author={Barth, W and Martin, RS and Wilkinson, JH},
  journal={Numerische Mathematik},
  volume={9},
  number={5},
  pages={386--393},
  year={1967},
  publisher={Springer}
}

@booklet{mat-inf4130,
	title        = {Lecture Notes for Mat-inf 4130, 2017},
	author       = {Tom Lyche}, 
	address      = {University of Oslo},
	year         = 2017,
	howpublished = {https://www.uio.no/studier/emner/matnat/math/MAT-INF4130/h17/book2017.pdf},
}

@misc{fys4150,
	title        = {FYS4150 Computational Physics},
	howpublished = {https://www.uio.no/studier/emner/matnat/fys/FYS4150/},
	month        = {Autumn semester},
	year         = 2020
}

@booklet{fys4150-p2,
	title        = {Project 2, Computational Physics FYS4150},
	author       = {Morten Hjort-Jensen}, 
	address      = {University of Oslo},
	month        = {Autumn semester},
	year         = 2020,
	howpublished = {http://compphysics.github.io/ComputationalPhysics/doc/Projects/2020/Project2/html/Project2.html}
}

@booklet{fys4150-notes,
	title        = {Computational Physics, Lecture notes Fall 2015},
	author       = {Morten Hjort-Jensen}, 
	address      = {University of Oslo},
	month        = {August},
	year         = 2015,
	howpublished = {https://github.com/CompPhysics/ComputationalPhysics/blob/master/doc/Lectures/lectures2015.pdf}
}

@misc{fys4150,
	title        = {FYS4150 Computational Physics},
	howpublished = {https://www.uio.no/studier/emner/matnat/fys/FYS4150/},
	month        = {Autumn semester},
	year         = 2020
}


@misc{diagdom,
	author   = {Briggs, Keith},
	title    = {Diagonally dominant matrix},
	note     = {Visited on 29/09/20},
	howpublished      = {https://mathworld.wolfram.com/DiagonallyDominantMatrix.html}
}
