@misc{fys4150-p5,
	title        = "{Computational Physics FYS4150, Project 5, Disease Modelling}",
	author       = {Morten Hjort-Jensen}, 
	address      = {University of Oslo},
	month        = {[Online; accessed 18-December-2020]},
	howpublished = "\url{http://compphysics.github.io/ComputationalPhysics/doc/Projects/2020/Project5/DiseaseModeling/html/DiseaseModeling.html}"
}

@misc{fys4150-notes,
	title        = "{Computational Physics, Lecture notes Fall 2015}",
	author       = {Morten Hjort-Jensen}, 
	address      = {University of Oslo},
	year         = {[Online; accessed 20-October-2020]},
	howpublished = "\url{https://github.com/CompPhysics/ComputationalPhysics/blob/master/doc/\\Lectures/lectures2015.pdf}"
}

@misc{fys-stk4155-notes,
	title        = "{FYS-STK4155 Applied Data Analysis and Machine Learning, Lecture notes Fall 2020}",
	author       = {Morten Hjort-Jensen}, 
	address      = {University of Oslo},
	year         = {[Online; accessed 11-November-2020]},
	howpublished = "\url{https://compphysics.github.io/MachineLearning/doc/web/course.html}"
}

@misc{nonwhite-wote,
	title        = "{What if only nonwhite people voted}",
	author       = {Rachel Dottle}, 
	address      = {FiveThirtEight},
	year         = {[Online; accessed 23-November-2020]},
	howpublished = "\url{https://fivethirtyeight.com/features/what-if-only-men-voted-only-women-only-nonwhite-voters/}"
}

@misc{notes-10-02,
	title        = {Computational Physics, Handwritten lecture notes, 2-October-2020},
	author       = {Morten Hjort-Jensen}, 
	address      = {University of Oslo},
	month        = {[Online; accessed 16-October-2020]},
	howpublished = {https://github.com/CompPhysics/ComputationalPhysics/blob/master/doc/\\HandWrittenNotes/NotesOctober2.pdf}
}1

@misc{nasa-jpl,
	author = {NASA Jet Propulsion Laboratory},
	title = {{Solar System Dynamics}},
	howpublished = {https://ssd.jpl.nasa.gov/horizons.cgi},
	year = {2020}, 
	note = "[Online; accessed 16-October-2020]"
}

@book{hibbeler2001,
	title={Engineering mechanics: statics \& dynamics, 9th edition},
	author={Hibbeler, Russell Charles},
	year={2001},
	publisher={Prentice Hall, New Jersey}
}

@book{hager2010introduction,
	title={Introduction to high performance computing for scientists and engineers},
	author={Hager, Georg and Wellein, Gerhard},
	year={2010},
	publisher={CRC Press, Boca Raton}
}

@book{newman1999monte,
	title={Monte Carlo Methods in Statistical Physics},
	author={Mark Newman and Gerard Barkema},
	year={1999},
	publisher={Oxford University Press, New York}
}
