@misc{fys4150,
	title        = {FYS4150 Computational Physics},
	howpublished = {https://www.uio.no/studier/emner/matnat/fys/FYS4150/},
	month        = {Autumn semester},
	year         = 2020
}

@misc{fys4150-p3,
	title        = {Project 3, Computational Physics FYS4150},
	author       = {Morten Hjort-Jensen}, 
	address      = {University of Oslo},
	month        = {[Online; accessed 26-October-2020]},
	howpublished = {http://compphysics.github.io/ComputationalPhysics/doc/Projects/2020\\/Project3/html/Project3.html}
}

@misc{fys4150-notes,
	title        = {Computational Physics, Lecture notes Fall 2015},
	author       = {Morten Hjort-Jensen}, 
	address      = {University of Oslo},
	month        = {August},
	year         = 2015,
	howpublished = {https://github.com/CompPhysics/ComputationalPhysics/blob/master/doc/\\Lectures/lectures2015.pdf}
	note = "[Online; accessed 16-October-2020]"
}

@misc{notes-10-02,
	title        = {Computational Physics, Handwritten lecture notes, 2-October-2020},
	author       = {Morten Hjort-Jensen}, 
	address      = {University of Oslo},
	month        = {[Online; accessed 16-October-2020]},
	howpublished = {https://github.com/CompPhysics/ComputationalPhysics/blob/master/doc/\\HandWrittenNotes/NotesOctober2.pdf}
}


@misc{fys4150,
	title        = {FYS4150 Computational Physics},
	howpublished = {https://www.uio.no/studier/emner/matnat/fys/FYS4150/},
	month        = {Autumn semester},
	year         = 2020
	note = "[Online; accessed 16-October-2020]"
}


@misc{nasa-jpl,
	author = {NASA Jet Propulsion Laboratory},
	title = {{Solar System Dynamics}},
	howpublished = {https://ssd.jpl.nasa.gov/horizons.cgi},
	year = {2020}, 
	note = "[Online; accessed 16-October-2020]"
}

@book{hibbeler2001,
	title={Engineering mechanics: statics \& dynamics, 9th edition},
	author={Hibbeler, Russell Charles},
	year={2001},
	publisher={Prentice Hall, New Jersey}
}

@book{hager2010introduction,
	title={Introduction to high performance computing for scientists and engineers},
	author={Hager, Georg and Wellein, Gerhard},
	year={2010},
	publisher={CRC Press, Boca Raton}
}
